@conference{INOUE,
	Author = {H. Inoue, T. Moriyama, H. Komatsu, T. Nakatani},
	Title = {AA-Sort: A New Parallel Sorting Algorithm for Multi-Core SIMD Processors},
	Year = {2007},
	Organization = {IBM Tokyo Research Laboratory},
	Journal = {16th International Conference on Parallel Architecture and Compilation Techniques}
}

@conference{GOLD,
	Author = {B. T. Gold, A. Ailamaki, L. Huston, B. Falsafi},
	Title = {Accelerating Database Operators Using a Network Processor},
	Year = {2005},
	Journal = {Proceedings of the First International Workshop on Data Management on New Hardware}
}

@inproceedings{BLISS,
	Author = {N. Bliss},
	Title = {Addressing the Multicore Trend with Automatic Parallelization},
	Year = {2007},
	Pages = {187-198},
	Booktitle = {Lincoln Laboratory Journal, Vol.17 No 1}
}

@misc{SALOMIE,
  Author = {T. Salomie, I. E. Subasu, J. Giceva, G. Alonso},
  Title = {Database Engines on Multicores, Why Parallelize When You Can Distribute?},
  Year = {2011}
}

@misc{HARDAVELLAS,
  Author = {N. Hardavellas, I. Pandis, R. Johnson, N. G. Mancheril, S. Harizopoulos, A. Ailamaki, B. Falsafi},
  Title = {Database Servers on Chip Multiprocessors: Limitations and Opportunities},
  Year = {2011}
}

@misc{RASHID,
  Author = {L. Rashid, W. M. Hassanein, M. A. Hammad},
  Title = {Exploiting Multithreaded Architectures to Improve the Hash Join Operation},
  Year = {2008}
}

@misc{BAKKUM,
  Author = {P. Bakkum, K. Skadron},
  Title = {Accelerating SQL Database Operations on a GPU with CUDA},
  Year = {2010}
}

@misc{BISWAS,
  Author = {S. Biswas, D. Franklin, A. Savage, R. Dixon, T. Sherwood, F. T. Chong},
  Title = {Multi-Execution: Multicore Caching for Data-Similar Executions},
  Year = {2009}
}

@misc{GARCIA,
  Author = {P. Garcia, H. F. Korth},
  Title = {Database HashJoin Algorithms on Multithreaded Computer Architectures},
  Year = {2006}
}

@misc{CIESLEWICZ,
  Author = {J. Cieslewicz, K. A. Ross},
  Title = {Adaptive Aggregation on Chip Multiprocessors},
  Year = {2007}
}

@misc{SATISH,
  Author = {N. Satish, C. Kim, J. Chhugani, A. D. Nguyen, V. W. Lee, D. Kim, P. Dubey},
  Title = {Fast Sort on CPUs and GPUs: A Case for Bandwidth Oblivious SIMD Sort},
  Year = {2010}
}

@misc{LEE,
  Author = {R. Lee, X. Ding, F. Chen, Q. Lu, X. Zhang},
  Title = {MCCDB: Minimizing Cache Conflicts in Multicore Processors for Databases},
  Year = {2009}
}

@misc{HARIZOPOULOS,
  Author = {S. Haritzopoulos, A. Ailamaki},
  Title = {Improving Instruction Cache Performance in OLTP},
  Year = {2006}
}

@book{YU,
  Author = {P. S. Yu, M.-S. Chen, J. L.Wolf, J. Turek},
  Title = {Parallel Query Processing},
  Year = {2006},
  Chapter = {12}
  Pages = {???},
  Booktitle = {???}
}

@misc{RAHM,
  Author = {E. Rahm},
  Title = {Parallel Query Processing in Shared Disk Database Systems},
  Year = {1993},
  Journal = {SIGMOD RECORD, Vol. 22, No. 4,},
  Pages = {32-37}
}

@article{GIL_COSTA,
  Author = {V. Gil-Costa, M. Marin, N. Reyesa},
  Title = {Parallel query processing on distributed clustering indexes},
  Year = {2008},
  Journal = {Journal of Discrete Algorithms},
  Notes = {Online verf�gbar unter \url{http://www.elsevier.com/locate/jda}}
}

@misc{GARCIA1,
  Author = {P. Garcia, H F. Korth},
  Title = {Pipelined Hash-Join on Multithreaded Architectures},
  Year = {2007}
}

@misc{HUBER,
  Author = {F. Huber, J.-C. Freytag},
  Title = {Query Processing on Multi-Core Architectures},
  Year = {????}
}

@misc{CIESLEWICZ1,
  Author = {J. Cieslewicz, J. Berry, B. Hendrickson, K. A. Ross},
  Title = {Realizing Parallelism in Database Operations: Insights from a Massively Multithreaded Architecture},
  Year = {2006}
}

@misc{HE,
  Author = {B. He, M. Lu, K. Yang, R. Fang, N. K. Govindaraju, Q. Luo, P. V. Sander},
  Title = {Relational Query Coprocessing on Graphics Processors},
  Year = {2009}
}

@misc{JOHNSON,
  Author = {R. Johnson, I. Pandis, N. Hardavellas, A. Ailamaki, B. Falsafi},
  Title = {Shore-MT: A Scalable Storage Manager for the Multicore Era},
  Year = {2009}
}

@misc{KIM,
  Author = {C. Kim, E. Sedlar, J. Chhugani, T. Kaldewey, A. D. Nguyen, A. Di Blas, V. W. Lee, N. Satish, P. Dubey},
  Title = {Sort vs. Hash Revisited: Fast Join Implementation on Modern MultiCore CPUs},
  Year = {2009}
}

@misc{QUIN,
  Author = {L. Quin, J. X. Yu, L. Chang},
  Title = {Ten Thousand SQLs: Parallel Keyword Queries Computing},
  Year = {2010}
}

@misc{LACEY,
  Author = {S. Lacey, R. Box},
  Title = {A Fast, Easy Sort},
  Year = {1991},
  Journal = {Byte Magazine, April},
  Pages = {315-320}
}

@misc{CHEN,
  Author = {S. Chen, A. Ailamaki, P. B. Gibbons,  T. C. Mowry},
  Title = {Improving hash join performance through prefetching},
  Year = {2004},
  Journal =  {IEEE International Conference on Data Engineering, 2004}
}

@misc{GOVINDARAJU,
  Author = {N. K. Govindaraju, J. Gray, R. Kumar, D. Manocha},
  Title = {GPUTeraSort: High Performance Graphics Coprocessor Sorting for Large Database Management},
  Year = {2006},
  Journal = {Proceedings of the ACM SIGMOD International Conference on Management of Data},
  Pages = {325–336}
}